<?xml version="1.0" encoding="UTF-8"?><collection xmlns="http://www.loc.gov/MARC21/slim"><record><leader>00435nam--2200133-i-4500</leader><controlfield tag="001">000009008</controlfield><controlfield tag="002">20161230</controlfield><controlfield tag="005">20161230201028</controlfield><controlfield tag="008">060222s1000------------r-----000-0-eng-d</controlfield><datafield ind1=" " ind2=" " tag="080"><subfield code="a">621.313</subfield></datafield><datafield ind1=" " ind2=" " tag="100"><subfield code="a">Deaconescu, Ion</subfield></datafield><datafield ind1=" " ind2=" " tag="245"><subfield code="a">Contributii la calculul masinilor de curent co ntinuu cu rotor disc si infasurari imprimate. determinarea formei geometrice optime a spirei</subfield></datafield><datafield ind1=" " ind2=" " tag="260"><subfield code="a">Brasov, Inst.Politehnic, 1969. 21 P</subfield></datafield><datafield ind1=" " ind2=" " tag="852"><subfield code="a">31599</subfield></datafield></record></collection>